% This file was created with JabRef 2.7b.
% Encoding: UTF-8

@ARTICLE{clarkson95,
  author = {Clarkson},
  title = {Las Vegas Algorithms for Linear and Integer Programming When the
	Dimension Is Small},
  journal = {JACM: Journal of the ACM},
  year = {1995},
  volume = {42}
}

@BOOK{cormen2009,
  title = {Introduction to Algorithms},
  publisher = {MIT Press},
  year = {2009},
  author = {Thomas H. Cormen and Charles E. Leiserson and Ronald L. Rivest and
	Clifford Stein},
  pages = {I--XIX, 1--1292},
  edition = {3.},
  bibdate = {2011-08-26},
  isbn = {978-0-262-03384-8},
  url = {http://mitpress.mit.edu/catalog/item/default.asp?ttype=2&amp;tid=11866}
}

@ARTICLE{fekete2008,
  author = {S{\'a}ndor P. Fekete and Marco E. L{\"u}bbecke and Henk Meijer},
  title = {Minimizing the Stabbing Number of Matchings, Trees, and Triangulations},
  journal = {Discrete \& Computational Geometry},
  year = {2008},
  volume = {40},
  pages = {595--621},
  number = {4},
  bibdate = {2009-01-29},
  bibsource = {DBLP, http://dblp.uni-trier.de/db/journals/dcg/dcg40.html#FeketeLM08},
  url = {http://dx.doi.org/10.1007/s00454-008-9114-6}
}

@ARTICLE{feketetTech2008,
  author = {S{\'a}ndor P. Fekete and Marco E. L{\"u}bbecke and Henk Meijer},
  title = {Computing structures of minimum stabbing number},
  journal = {Technical report},
  year = {2008},
  bibdate = {2009-01-29}
}

@BOOK{gaa11,
  title = {Geometric approximation algorithms},
  publisher = {AMS Press},
  year = {2011},
  author = {Sariel Har-Peled},
  owner = {max},
  timestamp = {2011.12.26}
}

@ARTICLE{sariel2009,
  author = {Sariel Har-Peled},
  title = {Approximating Spanning Trees with Low Crossing Number},
  journal = {CoRR},
  year = {2009},
  volume = {abs/0907.1131},
  bibdate = {2011-12-05},
  bibsource = {DBLP, http://dblp.uni-trier.de/db/journals/corr/corr0907.html#abs-0907-1131},
  url = {http://arxiv.org/abs/0907.1131}
}

@INCOLLECTION{magnanti1995,
  author = {T.L. Magnanti and L.A. Wolsey},
  title = {Optimal trees},
  booktitle = {Network Models},
  publisher = {Handbooks in Operations Research and Management Science},
  year = {1995},
  editor = {M.O. Ball and T.L. Magnanti and C.L. Monma and G.L. Nemhauser},
  volume = {7},
  chapter = {9},
  pages = {503 - 616},
  owner = {max},
  timestamp = {2013.01.16}
}

@INPROCEEDINGS{welzl1992,
  author = {Emo Welzl},
  title = {On Spanning Trees with Low Crossing Numbers},
  booktitle = {Proceedings of Data Structures and Efficient Algorithms},
  year = {1992},
  editor = {Burkhard Monien and Thomas Ottmann},
  volume = {594},
  series = {LNCS},
  pages = {233--249},
  address = {Berlin, Germany},
  month = sep,
  publisher = {Springer},
  isbn = {3-540-55488-2}
}

@comment{jabref-meta: selector_publisher:}

@comment{jabref-meta: selector_author:}

@comment{jabref-meta: selector_journal:}

@comment{jabref-meta: selector_keywords:}

